@article{doi:10.1063/1.4949125,
    author = {Kumar,Rohitash  and Vyas,Sumita  and Kumar,Ravindra  and Dixit,Ambesh },
    title = {Charging studies of heat packs using parabolic dish solar energy concentrator for extreme conditions},
    journal = {AIP Conference Proceedings},
    volume = {1734},
    number = {1},
    pages = {050027},
    year = {2016},
    doi = {10.1063/1.4949125},

    URL = { 
            https://aip.scitation.org/doi/abs/10.1063/1.4949125
        
    },
    eprint = { 
            https://aip.scitation.org/doi/pdf/10.1063/1.4949125
        
    }
}

@online{Basking-in-the-Sun,
    author = {Tom Murphy},
    title = {Basking in the Sun},
    year = {2012},
    URL = {https://dothemath.ucsd.edu/2012/01/basking-in-the-sun/},
}

@article{CPCs-vs-FPCs,
    author = {Sobhansarbandi, Sarvenaz  and Atikol, UÄŸur },
    title = {Performance of Flat-Plate and Compound Parabolic Concentrating Solar Collectors in Underfloor Heating Systems},
    publisher = {ASME},
    journal = {Journal of Solar Energy Engineering},
    volume = {137},
    year = {2015},
    doi = {10.1115/1.4029229},
    URL = { 
            http://dx.doi.org/10.1115/1.4029229
        
    },
}